```bibtex
@article{Luecken2022benchmarking,
  title={Benchmarking atlas-level data integration in single-cell genomics},
  author={Malte D. Luecken, M. Büttner, K. Chaichoompu, A. Danese, M. Interlandi, M. F. Mueller, D. C. Strobl, L. Zappia, M. Dugas, M. Colomé-Tatché and Fabian J. Theis},
  journal={Nature Methods},
  volume={19},
  number={1},
  pages={41--50},
  year={2022},
  publisher={Nature Publishing Group},
  doi={10.1038/s41592-021-01336-8}
}

@article{McInnes2018umap,
  title={UMAP: Uniform Manifold Approximation and Projection for Dimension Reduction},
  author={McInnes, Leland and Healy, John and Melville, James},
  journal={arXiv preprint arXiv:1802.03426},
  year={2018},
  url={https://arxiv.org/abs/1802.03426}
}

@article{Liu2018pyod,
  title={PyOD: A Python Toolbox for Scalable Outlier Detection},
  author={Liu, Yue and Li, Zheng and Xiong, Hao and Pei, Jian and Philip, S. Yu},
  journal={arXiv preprint arXiv:1901.01588},
  year={2018},
  url={https://arxiv.org/abs/1901.01588}
}